<record><leader>00000cas a22000007a 4500</leader><controlfield tag="001">21235102</controlfield><controlfield tag="008">900319d193619uuaruer ne     f0    0eng d</controlfield><datafield ind1=" " ind2=" " tag="010"><subfield code="a">sn 90050101 </subfield></datafield><datafield ind1=" " ind2=" " tag="040"><subfield code="a">ANU</subfield><subfield code="b">eng</subfield><subfield code="c">ANU</subfield><subfield code="d">OCLCQ</subfield><subfield code="d">OCLCF</subfield><subfield code="d">OCLCO</subfield><subfield code="d">OCL</subfield></datafield><datafield ind1=" " ind2=" " tag="042"><subfield code="a">msc</subfield></datafield><datafield ind1=" " ind2=" " tag="043"><subfield code="a">n-us-ar</subfield></datafield><datafield ind1="0" ind2="0" tag="245"><subfield code="a">Voice of Satan from Devil's Den.</subfield></datafield><datafield ind1="1" ind2="3" tag="246"><subfield code="a">Voice of Satan</subfield></datafield><datafield ind1=" " ind2=" " tag="260"><subfield code="a">West Fork, Ark. :</subfield><subfield code="b">Co. 3795, CCC</subfield></datafield><datafield ind1=" " ind2=" " tag="300"><subfield code="a">v.</subfield></datafield><datafield ind1=" " ind2=" " tag="310"><subfield code="a">Biweekly,</subfield><subfield code="b">&lt;Mar. 5, 1937&gt;</subfield></datafield><datafield ind1=" " ind2=" " tag="321"><subfield code="a">Weekly,</subfield><subfield code="b">&lt;Sept. 18, 1936&gt;</subfield></datafield><datafield ind1="1" ind2=" " tag="362"><subfield code="a">Began in 1936.</subfield></datafield><datafield ind1=" " ind2=" " tag="515"><subfield code="a">Preceded by untitled issues, June 27-&lt;Aug. 22&gt;, 1936.</subfield></datafield><datafield ind1=" " ind2=" " tag="580"><subfield code="a">Continues: Devil's Den blaze (non-extant).</subfield></datafield><datafield ind1=" " ind2=" " tag="588"><subfield code="a">Description based on: Vol. 1, no. 7 (Sept. 18, 1936).</subfield></datafield><datafield ind1="2" ind2="0" tag="610"><subfield code="a">Civilian Conservation Corps (U.S.)</subfield><subfield code="v">Newspapers.</subfield></datafield><datafield ind1="2" ind2="7" tag="610"><subfield code="a">Civilian Conservation Corps (U.S.)</subfield><subfield code="2">fast</subfield><subfield code="0">(OCoLC)fst00536299</subfield></datafield><datafield ind1=" " ind2="7" tag="655"><subfield code="a">Newspapers.</subfield><subfield code="2">fast</subfield><subfield code="0">(OCoLC)fst01423814</subfield></datafield><datafield ind1="2" ind2=" " tag="710"><subfield code="a">Civilian Conservation Corps (U.S.).</subfield><subfield code="b">Company 3795 (Camp SP-6, Ark.)</subfield></datafield><datafield ind1=" " ind2=" " tag="752"><subfield code="a">United States</subfield><subfield code="b">Arkansas</subfield><subfield code="c">Washington</subfield><subfield code="d">West Fork.</subfield></datafield><datafield ind1="1" ind2="0" tag="780"><subfield code="t">Devil's Den blaze</subfield></datafield><datafield ind1="1" ind2=" " tag="029"><subfield code="a">AU@</subfield><subfield code="b">000025902372</subfield></datafield></record>